@inproceedings{akita2016deep,
	title={Deep learning for stock prediction using numerical and textual information},
	author={Akita, Ryo and Yoshihara, Akira and Matsubara, Takashi and Uehara, Kuniaki},
	booktitle={2016 IEEE/ACIS 15th International Conference on Computer and Information Science (ICIS)},
	pages={1--6},
	year={2016},
	organization={IEEE}
}
@inproceedings{selvin2017stock,
	title={Stock price prediction using LSTM, RNN and CNN-sliding window model},
	author={Selvin, Sreelekshmy and Vinayakumar, R and Gopalakrishnan, EA and Menon, Vijay Krishna and Soman, KP},
	booktitle={2017 international conference on advances in computing, communications and informatics (icacci)},
	pages={1643--1647},
	year={2017},
	organization={IEEE}
}
@article{di2016artificial,
	title={Artificial neural networks architectures for stock price prediction: Comparisons and applications},
	author={Di Persio, Luca and Honchar, Oleksandr},
	journal={International journal of circuits, systems and signal processing},
	volume={10},
	number={2016},
	pages={403--413},
	year={2016}
}
@inproceedings{ding2015deep,
	title={Deep learning for event-driven stock prediction},
	author={Ding, Xiao and Zhang, Yue and Liu, Ting and Duan, Junwen},
	booktitle={Twenty-fourth international joint conference on artificial intelligence},
	year={2015}
}
@inproceedings{khare2017short,
	title={Short term stock price prediction using deep learning},
	author={Khare, Kaustubh and Darekar, Omkar and Gupta, Prafull and Attar, VZ},
	booktitle={2017 2nd IEEE International Conference on Recent Trends in Electronics, Information \& Communication Technology (RTEICT)},
	pages={482--486},
	year={2017},
	organization={IEEE}
}
@inproceedings{gao2016deep,
	title={Deep learning with stock indicators and two-dimensional principal component analysis for closing price prediction system},
	author={Gao, Tingwei and Li, Xiu and Chai, Yueting and Tang, Youhua},
	booktitle={2016 7th IEEE International Conference on Software Engineering and Service Science (ICSESS)},
	pages={166--169},
	year={2016},
	organization={IEEE}
}
@article{singh2017stock,
	title={Stock prediction using deep learning},
	author={Singh, Ritika and Srivastava, Shashi},
	journal={Multimedia Tools and Applications},
	volume={76},
	number={18},
	pages={18569--18584},
	year={2017},
	publisher={Springer}
}
@article{chong2017deep,
	title={Deep learning networks for stock market analysis and prediction: Methodology, data representations, and case studies},
	author={Chong, Eunsuk and Han, Chulwoo and Park, Frank C},
	journal={Expert Systems with Applications},
	volume={83},
	pages={187--205},
	year={2017},
	publisher={Elsevier}
}
@article{long2019deep,
	title={Deep learning-based feature engineering for stock price movement prediction},
	author={Long, Wen and Lu, Zhichen and Cui, Lingxiao},
	journal={Knowledge-Based Systems},
	volume={164},
	pages={163--173},
	year={2019},
	publisher={Elsevier}
}
@inproceedings{vargas2017deep,
	title={Deep learning for stock market prediction from financial news articles},
	author={Vargas, Manuel R and De Lima, Beatriz SLP and Evsukoff, Alexandre G},
	booktitle={2017 IEEE International Conference on Computational Intelligence and Virtual Environments for Measurement Systems and Applications (CIVEMSA)},
	pages={60--65},
	year={2017},
	organization={IEEE}
}
@article{yu2020stock,
	title={Stock price prediction based on deep neural networks},
	author={Yu, Pengfei and Yan, Xuesong},
	journal={Neural Computing and Applications},
	volume={32},
	number={6},
	pages={1609--1628},
	year={2020},
	publisher={Springer}
}
@article{song2020importance,
	title={Importance of Event Binary Features in Stock Price Prediction},
	author={Song, Yoojeong and Lee, Jongwoo},
	journal={Applied Sciences},
	volume={10},
	number={5},
	pages={1597},
	year={2020},
	publisher={Multidisciplinary Digital Publishing Institute}
}
@article{saud2020analysis,
	title={Analysis of look back period for stock price prediction with RNN variants: A case study on banking sector of NEPSE},
	author={Saud, Arjun Singh and Shakya, Subarna},
	journal={Procedia Computer Science},
	volume={167},
	pages={788--798},
	year={2020},
	publisher={Elsevier}
}
@misc{fang2020ascertaining,
	title={Ascertaining price formation in cryptocurrency markets with DeepLearning},
	author={Fan Fang and Waichung Chung and Carmine Ventre and Michail Basios and Leslie Kanthan and Lingbo Li and Fan Wu},
	year={2020},
	eprint={2003.00803},
	archivePrefix={arXiv},
	primaryClass={q-fin.GN}
}
@article{tiwari2020comparative,
	title={Comparative Study on Time Series Forecasting using Deep learning Models.},
	author={Tiwari, Abhishek and Vaibhaw, Vipul},
	year={2020}
}
@article{jiang2020improved,
	title={An improved Stacking framework for stock index prediction by leveraging tree-based ensemble models and deep learning algorithms},
	author={Jiang, Minqi and Liu, Jiapeng and Zhang, Lu and Liu, Chunyu},
	journal={Physica A: Statistical Mechanics and its Applications},
	volume={541},
	pages={122272},
	year={2020},
	publisher={Elsevier}
}
@incollection{kumar2020predicting,
	title={Predicting the Trends of Price for Ethereum Using Deep Learning Techniques},
	author={Kumar, Deepak and Rath, SK},
	booktitle={Artificial Intelligence and Evolutionary Computations in Engineering Systems},
	pages={103--114},
	year={2020},
	publisher={Springer}
}
@article{dutta2020gated,
	title={A Gated Recurrent Unit Approach to Bitcoin Price Prediction},
	author={Dutta, Aniruddha and Kumar, Saket and Basu, Meheli},
	journal={Journal of Risk and Financial Management},
	volume={13},
	number={2},
	pages={23},
	year={2020},
	publisher={Multidisciplinary Digital Publishing Institute}
}
@article{song2019study,
	title={A study on novel filtering and relationship between input-features and target-vectors in a deep learning model for stock price prediction},
	author={Song, Yoojeong and Lee, Jae Won and Lee, Jongwoo},
	journal={Applied Intelligence},
	volume={49},
	number={3},
	pages={897--911},
	year={2019},
	publisher={Springer}
}
@misc{byrd2019intraday,
	title={Intra-day Equity Price Prediction using Deep Learning as a Measure of Market Efficiency},
	author={David Byrd and Tucker Hybinette Balch},
	year={2019},
	eprint={1908.08168},
	archivePrefix={arXiv},
	primaryClass={q-fin.TR}
}
@article{agrawal2019stock,
	title={Stock Price Prediction using Technical Indicators: A Predictive Model using Optimal Deep Learning},
	author={Agrawal, Manish and Khan, Asif Ullah and Shukla, Piyush Kumar},
	journal={Learning},
	volume={6},
	pages={7},
	year={2019}
}
@article{mehtab2019robust,
	title={A Robust Predictive Model for Stock Price Prediction Using Deep Learning and Natural Language Processing},
	author={Mehtab, Sidra and Sen, Jaydip},
	journal={Available at SSRN 3502624},
	year={2019}
}
@article{ntakaris2019feature,
	title={Feature engineering for mid-price prediction with deep learning},
	author={Ntakaris, Adamantios and Mirone, Giorgio and Kanniainen, Juho and Gabbouj, Moncef and Iosifidis, Alexandros},
	journal={Ieee Access},
	volume={7},
	pages={82390--82412},
	year={2019},
	publisher={IEEE}
}
@article{cen2019crude,
	title={Crude oil price prediction model with long short term memory deep learning based on prior knowledge data transfer},
	author={Cen, Zhongpei and Wang, Jun},
	journal={Energy},
	volume={169},
	pages={160--171},
	year={2019},
	publisher={Elsevier}
}
@INPROCEEDINGS{hossain2018hybrid, 
	author={M. A. {Hossain} and R. {Karim} and R. {Thulasiram} and N. D. B. {Bruce} and Y. {Wang}}, 
	booktitle={2018 IEEE Symposium Series on Computational Intelligence (SSCI)}, 
	title={Hybrid Deep Learning Model for Stock Price Prediction}, 
	year={2018}, 
	volume={},
	number={}, 
	pages={1837-1844}
} 